<record xmlns="http://www.loc.gov/MARC21/slim">
   <leader>05260nam a2200457 i 4500</leader>
   <controlfield tag="001">6748985</controlfield>
   <controlfield tag="003">FlBoTFG</controlfield>
   <controlfield tag="005">20141121161956.0</controlfield>
   <controlfield tag="006">m|||||o||d||||||||</controlfield>
   <controlfield tag="007">cr||||</controlfield>
   <controlfield tag="008">141121t20152015fluad   ob    001 0 eng d</controlfield>
   <datafield ind1=" " ind2=" " tag="020">
      <subfield code="a">9781482251050 (e-book : PDF)</subfield>
   </datafield>
   <datafield ind1=" " ind2=" " tag="035">
      <subfield code="a">ocn893680487</subfield>
   </datafield>
   <datafield ind1=" " ind2=" " tag="039">
      <subfield code="a">exclude</subfield>
   </datafield>
   <datafield ind1=" " ind2=" " tag="040">
      <subfield code="a">FlBoTFG</subfield>
      <subfield code="b">eng</subfield>
      <subfield code="c">FlBoTFG</subfield>
      <subfield code="e">rda</subfield>
      <subfield code="d">AEU</subfield>
   </datafield>
   <datafield ind1=" " ind2="4" tag="050">
      <subfield code="a">HD69.P75</subfield>
      <subfield code="b">P627 2015</subfield>
   </datafield>
   <datafield ind1=" " ind2=" " tag="090">
      <subfield code="a">Internet Access</subfield>
      <subfield code="b">AEU</subfield>
   </datafield>
   <datafield ind1="0" ind2="0" tag="245">
      <subfield code="a">Portfolio management :</subfield>
      <subfield code="b">a strategic approach /</subfield>
      <subfield code="c">edited by Dr. Ginger Levin, PMP, PgMP, John Wyzalek, PfMP.</subfield>
   </datafield>
   <datafield ind1=" " ind2="1" tag="264">
      <subfield code="a">Boca Raton :</subfield>
      <subfield code="b">CRC Press,</subfield>
      <subfield code="c">[2015]</subfield>
   </datafield>
   <datafield ind1=" " ind2="4" tag="264">
      <subfield code="c">©2015</subfield>
   </datafield>
   <datafield ind1=" " ind2=" " tag="300">
      <subfield code="a">1 online resource.</subfield>
   </datafield>
   <datafield ind1=" " ind2=" " tag="336">
      <subfield code="a">text</subfield>
      <subfield code="2">rdacontent</subfield>
   </datafield>
   <datafield ind1=" " ind2=" " tag="337">
      <subfield code="a">computer</subfield>
      <subfield code="2">rdamedia</subfield>
   </datafield>
   <datafield ind1=" " ind2=" " tag="338">
      <subfield code="a">online resource</subfield>
      <subfield code="2">rdacarrier</subfield>
   </datafield>
   <datafield ind1="1" ind2=" " tag="490">
      <subfield code="a">Best practices and advances in program management series ;</subfield>
      <subfield code="v">17</subfield>
   </datafield>
   <datafield ind1=" " ind2=" " tag="500">
      <subfield code="a">"An Auerbach book."</subfield>
   </datafield>
   <datafield ind1=" " ind2=" " tag="504">
      <subfield code="a">Includes bibliographical references and index.</subfield>
   </datafield>
   <datafield ind1="0" ind2=" " tag="505">
      <subfield code="a">Organizational agility through project portfolio management / Catherine P. Killen -- Portfolio selection and termination / Werner G. Meyer -- Corporate strategy : converting thoughts and concepts into action / David V. Tennant -- Establishing a governance model for strategic portfolio management / J. LeRoy Ward -- IT governance as an innovation tool / Subbu Murthy -- Governance and portfolio management / Laurence Lecouvre -- Project portfolio governance / Jennifer Baker -- Business intelligence framework for project portfolios (BIPPf) / Muhammad Ehsan Khan -- Portfolio management success / Carl Marnewick -- Building the bridge between organizational strategy and portfolio management : alignment and prioritization / Manuel Vara -- The accuracy of portfolio risk estimation / David A. Maynard -- Marketing the project portfolio / Rodney Turner and Laurence Lecoeuvre -- Strategic portfolio management through effective communications / Amaury Aubrée-Dauchez -- Project portfolio management and communication / Wanda Curlee -- Addressing portfolio information issues through the use of business social networks, stars, and gatekeepers / Robert Joslin -- When stakeholders, goals, and strategy conflict / John Wyzalek -- Portfolio alignment : a strategic approach through the predicative value of outliers' data / Ing. Kari Dakakni -- Delivering organizational value in the zone of uncertainty / Lynda Bourne.</subfield>
   </datafield>
   <datafield ind1=" " ind2=" " tag="520">
      <subfield code="a">"Presenting information that is current with The Standard for Portfolio Management, Third Edition, this book supplies in-depth treatment of the five knowledge areas and identifies best practices to help ensure balanced portfolio management that is critical to organizational success. This book is an ideal reference for those pursuing the new portfolio management credential from the Project Management Institute. The book is also a suitable as a reference for executives and practitioners in the field and as a textbook for universities offering courses on portfolio management"--</subfield>
      <subfield code="c">Provided by publisher.</subfield>
   </datafield>
   <datafield ind1=" " ind2=" " tag="520">
      <subfield code="a">"Preface While portfolio management has been applied in the financial industry since the early 1950s, it is only within the past two to three decades that academic research plus guidelines for practitioners have been conducted and made available. Although some organizations used portfolio management techniques to select and prioritize programs and projects to pursue since the 1960s, these organizations rarely discussed its use recognizing it was a competitive advantage for them to do so. In the late 1970s and 1980s, software to assist in prioritizing programs and projects and to allocate resources became available, and there was increased interest in organizations to adopt the software and then recognition that tools alone were insufficient to manage a portfolio. Portfolio management requires a culture change, with processes and procedures in place that are consistently followed at all levels to support organizational strategies and promote organizational success. It requires strategic goals to ensure the work being done, whether a program, project, or an operational activity, supports these goals; having an inventory of existing work in progress available to determine if it supports organizational strategy and should be continued; and business cases, which are prepared and approved for proposed work to undertake. Such a culture change takes time and dedication to implement, but increasingly, organizational leaders are doing so recognizing its necessity especially in terms of the complexity of work under way and the often lack of qualified and available resources to do this work effectively. "--</subfield>
      <subfield code="c">Provided by publisher.</subfield>
   </datafield>
   <datafield ind1=" " ind2=" " tag="596">
      <subfield code="a">44</subfield>
   </datafield>
   <datafield ind1=" " ind2="0" tag="650">
      <subfield code="a">Project management.</subfield>
   </datafield>
   <datafield ind1=" " ind2="0" tag="650">
      <subfield code="a">Business planning.</subfield>
   </datafield>
   <datafield ind1=" " ind2="0" tag="650">
      <subfield code="a">Portfolio management.</subfield>
   </datafield>
   <datafield ind1=" " ind2="0" tag="650">
      <subfield code="a">Information technology</subfield>
      <subfield code="x">Management.</subfield>
   </datafield>
   <datafield ind1="1" ind2=" " tag="700">
      <subfield code="a">Levin, Ginger,</subfield>
      <subfield code="e">editor.</subfield>
   </datafield>
   <datafield ind1="1" ind2=" " tag="700">
      <subfield code="a">Wyzalek, John,</subfield>
      <subfield code="e">editor.</subfield>
   </datafield>
   <datafield ind1=" " ind2="0" tag="830">
      <subfield code="a">Best practices and advances in program management series ;</subfield>
      <subfield code="v">17.</subfield>
   </datafield>
   <datafield ind1="4" ind2="0" tag="856">
      <subfield code="3">University of Alberta Access</subfield>
      <subfield code="u">http://marc.crcnetbase.com/isbn/9781482251050</subfield>
      <subfield code="z">(Unlimited Concurrent Users)</subfield>
   </datafield>
   <datafield ind1=" " ind2=" " tag="949">
      <subfield code="h">UAIN</subfield>
      <subfield code="z">CRC</subfield>
   </datafield>
   <datafield ind1=" " ind2=" " tag="926">
      <subfield code="a">Internet Access</subfield>
      <subfield code="w">LC</subfield>
      <subfield code="c">1</subfield>
      <subfield code="i">6748985-1001</subfield>
      <subfield code="l">INTERNET</subfield>
      <subfield code="m">UAINTERNET</subfield>
      <subfield code="r">Y</subfield>
      <subfield code="s">Y</subfield>
      <subfield code="t">E-RESOURCE</subfield>
      <subfield code="u">12/2/2014</subfield>
      <subfield code="x">E-BOOK</subfield>
      <subfield code="z">CRC</subfield>
   </datafield>
</record>
